<?xml version="1.0" encoding="utf-8"?>
<record xmlns="http://www.loc.gov/MARC21/slim" xmlns:xsi="http://www.w3.org/2001/XMLSchema-instance" xsi:schemaLocation="http://www.loc.gov/MARC21/slim http://www.loc.gov/standards/marcxml/schema/MARC21slim.xsd">
	<leader>     nam a22     Mi 4500</leader>
	<controlfield tag="001">b12761175</controlfield>
	<controlfield tag="003">LeBAU</controlfield>
	<controlfield tag="006">m        d        </controlfield>
	<controlfield tag="007">cr cn |||m|||a</controlfield>
	<controlfield tag="008">181105s1929    iq      o     ||0 0 mul d</controlfield>
	<datafield ind1=" " ind2=" " tag="040">
		<subfield code="a">ZYU</subfield>
		<subfield code="b">ara</subfield>
		<subfield code="e">rda</subfield>
		<subfield code="c">ZYU</subfield>
	</datafield>
	<datafield ind1="0" ind2=" " tag="041">
		<subfield code="a">ara</subfield>
		<subfield code="a">eng</subfield>
	</datafield>
	<datafield ind1=" " ind2="4" tag="050">
		<subfield code="a">KF27</subfield>
		<subfield code="b">.I73 1929</subfield>
	</datafield>
	<datafield ind1="0" ind2="4" tag="082">
		<subfield code="a">349.567</subfield>
		<subfield code="2">20</subfield>
	</datafield>
	<datafield ind1="1" ind2=" " tag="110">
		<subfield code="6">880-01</subfield>
		<subfield code="a">Iraq.</subfield>
		<subfield code="b">Mudīrīyat al-Wāridāt al-ʻĀmmah,</subfield>
		<subfield code="e">author.</subfield>
	</datafield>
	<datafield ind1="1" ind2="0" tag="240">
		<subfield code="6">880-02</subfield>
		<subfield code="a">Laws, etc.</subfield>
	</datafield>
	<datafield ind1="1" ind2="0" tag="245">
		<subfield code="6">880-03</subfield>
		<subfield code="a">Qānūn tashwīq al-zurrāʻ li-istiʻmāl al-miḍakhkhāt raqam 11 li-sanat 1926 :</subfield>
		<subfield code="b">wa-yalīh ta‘līmāt i‘fā’ ḥiṣṣat al-ḥukūmah ‘an al-maḥsūlāt al-nātijah bi-wāsiṭat al-miḍakhkhāt al-manṣūbah ba‘da ṣudūr dhālika al-qānūn = Law for the encouragement of cultivators for the use of pumps No. 11 of 1926 : with instructions regarding the exemption from payment of government share to which agricultural produce grown by pumps erected since the coming into force of the above law may be entitled /</subfield>
		<subfield code="c">Wazārat al-Mālīyah, Mudīrīyat al-Wāridāt al-‘Āmmah</subfield>
	</datafield>
	<datafield ind1="3" ind2="1" tag="246">
		<subfield code="a">Law for the encouragement of cultivators for the use of pumps No. 11 of 1926 :</subfield>
		<subfield code="b">with instructions regarding the exemption from payment of government share to which agricultural produce grown by pumps erected since the coming into force of the above law may be entitled</subfield>
	</datafield>
	<datafield ind1=" " ind2="1" tag="264">
		<subfield code="6">880-04</subfield>
		<subfield code="a">Baghdād :</subfield>
		<subfield code="b">Maṭba‘at al-Ḥukūmah,</subfield>
		<subfield code="c">1929.</subfield>
	</datafield>
	<datafield ind1=" " ind2=" " tag="300">
		<subfield code="6">880-05</subfield>
		<subfield code="a">online resource (4, 4 pages)</subfield>
	</datafield>
	<datafield ind1=" " ind2=" " tag="336">
		<subfield code="a">text</subfield>
		<subfield code="2">rdacontent</subfield>
	</datafield>
	<datafield ind1=" " ind2=" " tag="337">
		<subfield code="a">computer</subfield>
		<subfield code="2">rdamedia</subfield>
	</datafield>
	<datafield ind1=" " ind2=" " tag="338">
		<subfield code="a">online resource</subfield>
		<subfield code="2">rdacarrier</subfield>
	</datafield>
	<datafield ind1=" " ind2=" " tag="500">
		<subfield code="a">Part of the Arabic Collections Online (ACO) project, contributed by American University of Beirut's Jafet Memorial Library.</subfield>
	</datafield>
	<datafield ind1=" " ind2=" " tag="533">
		<subfield code="a">Electronic reproduction.</subfield>
		<subfield code="b">New York, N.Y. :</subfield>
		<subfield code="c">New York University,</subfield>
		<subfield code="d">2018.</subfield>
		<subfield code="5">NNU</subfield>
	</datafield>
	<datafield ind1=" " ind2="0" tag="650">
		<subfield code="6">880-06</subfield>
		<subfield code="a">Agriculture</subfield>
		<subfield code="z">Iraq.</subfield>
	</datafield>
	<datafield ind1=" " ind2="0" tag="650">
		<subfield code="6">880-07</subfield>
		<subfield code="a">Pumping machinery.</subfield>
	</datafield>
	<datafield ind1="2" ind2=" " tag="710">
		<subfield code="a">Jafet Memorial Library.</subfield>
	</datafield>
	<datafield ind1="0" ind2=" " tag="730">
		<subfield code="a">Arabic Collections Online.</subfield>
	</datafield>
	<datafield ind1="0" ind2="8" tag="776">
		<subfield code="i">Print version:</subfield>
		<subfield code="a">Iraq. Mudīrīyat al-Wāridāt al-ʻĀmmah, author.</subfield>
		<subfield code="t">Qānūn tashwīq al-zurrāʻ li-istiʻmāl al-miḍakhkhāt raqam 11 li-sanat 1926</subfield>
		<subfield code="w">(LeBAU)b12761175</subfield>
	</datafield>
	<datafield ind1="4" ind2="0" tag="856">
		<subfield code="u">http://hdl.handle.net/2333.1/905qg238</subfield>
	</datafield>
	<datafield ind1="1" ind2=" " tag="880">
		<subfield code="6">110-01</subfield>
		<subfield code="a">العراق.</subfield>
		<subfield code="b">مديرية الواردات العامة،</subfield>
		<subfield code="e">هيئة إصدار.</subfield>
		<subfield code="4">isb.</subfield>
	</datafield>
	<datafield ind1="1" ind2="0" tag="880">
		<subfield code="6">240-02</subfield>
		<subfield code="a">قوانين، الخ.</subfield>
	</datafield>
	<datafield ind1="1" ind2="0" tag="880">
		<subfield code="6">245-03</subfield>
		<subfield code="a">قانون تشويق الزراع لإستعمال المضخات رقم 11 لسنة 1926 :</subfield>
		<subfield code="b">ويليه تعليمات إعفاء حصة الحكومة عن المحصولات الناتجة بواسطة المضخات المنصوبة بعد صدور ذلك القانون = Law for the encouragement of cultivators for the use of pumps No. 11 of 1926 : with instructions regarding the exemption from payment of government share to which agricultural produce grown by pumps erected since the coming into force of the above law may be entitled /</subfield>
		<subfield code="c">وزارة المالية، مديرية الواردات العامة.</subfield>
	</datafield>
	<datafield ind1=" " ind2="1" tag="880">
		<subfield code="6">264-04</subfield>
		<subfield code="a">بغداد :</subfield>
		<subfield code="b">مطبعة الحكومة،</subfield>
		<subfield code="c">1929.</subfield>
	</datafield>
	<datafield ind1=" " ind2=" " tag="880">
		<subfield code="6">300-05</subfield>
		<subfield code="a">4، 4 صفحات ؛</subfield>
		<subfield code="c">32 سم</subfield>
	</datafield>
	<datafield ind1=" " ind2=" " tag="880">
		<subfield code="6">546-00</subfield>
		<subfield code="a">النص بالعربية والإنجليزية.</subfield>
	</datafield>
	<datafield ind1=" " ind2="4" tag="880">
		<subfield code="6">650-06</subfield>
		<subfield code="a">الزراعة</subfield>
		<subfield code="z">العراق.</subfield>
	</datafield>
	<datafield ind1=" " ind2="4" tag="880">
		<subfield code="6">650-07</subfield>
		<subfield code="a">المضخات.</subfield>
	</datafield>
	<datafield ind1=" " ind2=" " tag="959">
		<subfield code="a">NNU</subfield>
		<subfield code="b">WEB</subfield>
		<subfield code="c">GENI</subfield>
		<subfield code="t">0</subfield>
		<subfield code="m">Electronic access</subfield>
		<subfield code="s">01</subfield>
	</datafield>
	<datafield ind1=" " ind2=" " tag="999">
		<subfield code="i">LeBAU_b12761175</subfield>
		<subfield code="s">aub_aco001771</subfield>
		<subfield code="e">(ERROR-880)</subfield>
		<subfield code="s">aub_aco001771</subfield>
	</datafield>
</record>
